% How to cite a software
% https://github.com/explosion/spaCy/issues/1555
@ARTICLE{spacy2,
   AUTHOR  = {Honnibal, M. AND Montani, I.},
   TITLE   = {spaCy 2: Natural language understanding with Bloom embeddings, convolutional neural networks and incremental parsing},
   YEAR    = {2018},
   JOURNAL = {To appear}
}

@ARTICLE{cohen1987,
  author = {Cohen, R.},
  title = {Analyzing the Structure of Argumentative Discourse.},
  journal = {Computational Linguistics},
  year = {1987},
  volume = {13},
  number = {1-2},
  pages = {11--24}
}

@ARTICLE{saintDizierStede2017,
  author = {Razuvayevskaya, O. and Teufel, S.},
  title = {Finding enthymemes in real-world texts: A feasibility study},
  journal = {Argument \& Computation},
  volume = {8},
  number = {2},
  pages = {113--129},
  year = {2017}
}

@ARTICLE{saintDizier2012,
  author = {Saint-Dizier, P.},
  title = {Processing natural language arguments with the {\textless}TextCoop{\textgreater} platform},
  journal = {Argument {\&} Computation},
  year = {2012},
  volume = {3},
  number = {1},
  pages = {49--82}
}

@ARTICLE{deSmedtDaelemans2012,
  author = {De Smedt, T. and Daelemans, W.},
  title = {Pattern for Python.},
  journal = {Journal of Machine Learning Research},
  year = {2012}
}

@INPROCEEDINGS{lawrenceReed2015,
  author = {Lawrence, J. and Reed, C.},
  title = {Combining Argument Mining Techniques},
  booktitle = {Working Notes of the 2nd Argumentation Mining Workshop},
  year = {2015},
  address = {Denver},
}

@ARTICLE{hobbs1978,
  author = {Hobbs, J. R.},
  title = {{Resolving pronoun references}},
  journal = {Lingua},
  year = {1978},
  volume = {44},
  number = {4},
  pages = {311--338}
}

@ARTICLE{stabGurevych2017,
  author = {Stab, C. and Gurevych, I.},
  title = {{Parsing Argumentation Structures in Persuasive Essays}},
  journal = {Computational Linguistics},
  year = {2017},
  number = {43},
  pages = {619--659}
}

@article{vanEemerenVerheij2017,
  title={Argumentation Theory in Formal and Computational Perspective},
  author={van Eemeren, F.H. and Verheij, B.},
  journal={IFCoLog Journal of Logics and Their Applications},
  volume={4},
  number={8},
  pages={2099--2181},
  year={2017},
	url={http://www.collegepublications.co.uk/downloads/ifcolog00017.pdf}
}

@article{peldszus2013argument,
  title={From Argument Diagrams to Argumentation Mining in Texts: A Survey},
  author={Peldszus, A. and Stede, M.},
  journal={International Journal of Cognitive Informatics and Natural Intelligence (IJCINI)},
  volume={7},
  number={1},
  pages={1--31},
  year={2013}
}

@article{lippi2016argumentation,
  title={Argumentation Mining: State of the Art and Emerging Trends},
  author={Lippi, M. and Torroni, P.},
  journal={ACM Transactions on Internet Technology},
  volume={16},
  number={2},
  pages={10},
  year={2016}
}

@article{mochales2011argumentation,
  title={Argumentation Mining},
  author={Mochales, R. and Moens, M.-F.},
  journal={Artificial Intelligence and Law},
  volume={19},
  number={1},
  pages={1--22},
  year={2011}
}

@article{moens2017,
  title={Argumentation Mining: How Can a Machine Acquire Common Sense and World Knowledge?},
  author={Moens, M.-F.},
  journal={Argument \& Computation},
  pages={1--14},
  year={2017}
}

@article{noroozi2012argumentation,
  title={Argumentation-Based Computer Supported Collaborative learning (ABCSCL): A Synthesis of 15 Years of Research},
  author={Noroozi, O. and Weinberger, A. and Biemans, H. J. A. and Mulder, M. and Chizari, M.},
  journal={Educational Research Review},
  volume={7},
  number={2},
  pages={79--106},
  year={2012}
}

@ARTICLE{dawidEtal2015,
  author = {Dawid, R. and Hartmann, S. and Sprenger, J.},
  title = {The No Alternatives Argument},
  journal = {The British Journal for the Philosophy of Science},
  year = {2015},
  volume = {66},
  number={1},
  pages = {213--234},
}

@INCOLLECTION{douven2017,
  author = {Douven, I.},
  title = {Abduction},
  booktitle = {The Stanford Encyclopedia of Philosophy},
  publisher = {Stanford University},
  year = {2017},
  editor = {Zalta, E. N.}
}

@INCOLLECTION{verheij2017icail,
  author = {Verheij, B.},
  title = {Formalizing Arguments, Rules and Cases},
  booktitle = {Proceedings of the 16th International Conference on Artificial Intelligence and Law ({ICAIL} 2017)},
  publisher = {ACM Press},
  year = {2017},
  pages = {199--208},
  address = {New York}
}

@INCOLLECTION{verheij2016jelia,
  author = {Verheij, B.},
  title = {Correct Grounded Reasoning
with Presumptive Arguments},
  booktitle = {15th European Conference on Logics in Artificial Intelligence, {JELIA}
	2016. Larnaca, Cyprus, November 9--11, 2016. Proceedings ({LNAI} 10021)},
  publisher = {Springer},
  year = {2016},
  editor = {Michael, L. and Kakas, A.},
  pages = {481--496},
  address = {Berlin}
}

@ARTICLE{verheij2017,
  author = {Verheij, B.},
  title = {Proof With and Without Probabilities. Correct Evidential Reasoning with Presumptive Arguments, Coherent Hypotheses and Degrees of Uncertainty},
  journal = {Artifical Intelligence and Law},
  year = {2017},
  volume = {25},
  number={1},
  pages = {127--154},
}

@ARTICLE{verheij2016hafner,
  author = {Verheij, B.},
  title = {Formalizing Value-Guided Argumentation for Ethical Systems Design},
  journal = {Artifical Intelligence and Law},
  year = {2016},
  volume = {24},
  pages = {387--407},
  number = {4}
}

@BOOK{vanEemerenGrootendorst1992,
  title = {Argumentation, Communication, and Fallacies. A
Pragma-Dialectical Perspective},
  publisher = {Lawrence Erlbaum},
  year = {1992},
  author = {van Eemeren, F. H. and Grootendorst, R.},
  address = {Hillsdale}
}

@ARTICLE{simariLoui1992,
  author = {Simari, G. R. and Loui, R. P.},
  title = {A Mathematical Treatment of Defeasible Reasoning and its Applications},
	Journal = {Artificial Intelligence},
	Pages = {125--157},
	Volume = {53},
	Year = {1992}
}

@book{besnardHunter2008,
  author = {Besnard, P. and Hunter, A.},
	Publisher = {MIT Press},
	Title = {Elements of Argumentation},
	Year = {2008},
  address= {Cambridge (Massachusetts)}
}

@ARTICLE{besnardHunter2001,
  author = {Besnard, P. and Hunter, A.},
  title = {A Logic-Based Theory of Deductive Arguments},
	Journal = {Artificial Intelligence},
	Pages = {203--235},
	Volume = {128},
	Year = {2001}
}

@INCOLLECTION{winston2011,
  author = {Winston, P. H.},
  title = {The Strong Story Hypothesis and the Directed Perception Hypothesis},
  booktitle = {Advances in Cognitive Systems: Papers from the 2011 AAAI Fall Symposium (Technical Report FSS-11-01)},
  editor = {Langley, P.},
  publisher = {AAAI Press},
  year = {2011}
}

@ARTICLE{russell2015,
  author = {Russell, S.},
  title = {Unifying Logic and Probability},
  journal = {Communications of the {ACM}},
  year = {2015},
  volume = {58},
  number = {7},
  pages = {88--97}
}

@ARTICLE{nilsson1993,
  author = {Nilsson, N. J.},
  title = {Pobabilistic Logic Revisited},
  journal = {Artificial Intelligence},
  year = {1993},
  volume = {59},
  pages = {39--42}
}

@ARTICLE{nilsson1986,
  author = {Nilsson, N. J.},
  title = {Pobabilistic Logic},
  journal = {Artificial Intelligence},
  year = {1986},
  volume = {28},
  pages = {71--87}
}

@ARTICLE{atkinsonBench2007,
  author = {Atkinson, K. and Bench-Capon, T. J. M.},
  title = {Practical Reasoning as Presumptive Argumentation using Action Based
Alternating Transition Systems},
  journal = {Artificial Intelligence},
  year = {2007},
  volume = {171},
  pages = {855--874}
}

@ARTICLE{modgilBench2011,
  author = {Modgil, S. and Bench-Capon, T. J. M.},
  title = {Persuasion and Value in Legal Argument},
  journal = {Metalevel argumentation},
  year = {2011},
  volume = {21},
  pages = {959--1003},
  number = {6}
}

@INCOLLECTION{benchModgil2009,
  author = {Bench-Capon, T. J. M. and Modgil, S.},
  title = {Case law in Extended Argumentation Frameworks},
  booktitle = {Proceedings of the 12th International Conference on Artificial Intelligence and Law (ICAIL 2009)},
  publisher = {ACM Press},
  year = {2009},
  pages = {118--127},
  address = {New York}
}

@INCOLLECTION{verheij2013,
  author = {Verheij, B.},
  title = {Arguments about Values},
  booktitle = {From Knowledge Representation to Argumentation in AI, Law and Policy Making. A Festschrift in Honour of Trevor Bench-Capon on the Occasion of his 60th Birthday},
  publisher = {College Publications},
  year = {2013},
  pages = {243--257},
  address = {London}
}

@INCOLLECTION{risslandAshley1987,
  author = {Rissland, E. L. and Ashley, K. D.},
  title = {A Case-Based System for Trade Secrets Law},
  booktitle = {Proceedings of the First International Conference on Artificial Intelligence and Law},
  publisher = {ACM Press},
  year = {1987},
  pages = {60--66},
  address = {New York (New York)}
}

@ARTICLE{risslandAshley2002,
  author = {Rissland, E. L. and Ashley, K. D.},
  title = {A Note on Dimensions and Factors},
  journal = {Artificial Intelligence and Law},
  year = {2002},
  volume = {10},
  pages = {65--77}
}

@ARTICLE{benchEtal2005,
  author = {Bench-Capon, T. J. M. and Atkinson, K. and Chorley, A.},
  title = {Persuasion and Value in Legal Argument},
  journal = {Journal of Logic and Computation},
  year = {2005},
  volume = {15},
  pages = {1075--1097},
  number = {6}
}

@ARTICLE{atkinsonBench2006,
  author = {Atkinson, K. and Bench-Capon, T. J. M.},
  title = {Legal Case-Based Reasoning as Practical Reasoning},
  journal = {Artificial Intelligence and Law},
  year = {2006},
  volume = {13},
  pages = {93--131}
}

@INCOLLECTION{verheijBex2009,
  author = {Verheij, B. and Bex, F. J.},
  title = {Accepting the Truth of a Story about the Facts of a Criminal Case},
  booktitle = {Legal Evidence and Proof: Statistics, Stories, Logic},
  publisher = {Ashgate},
  year = {2009},
  editor = {Kaptein, H. and Prakken, H. and Verheij, B.},
  pages = {161--193},
  address = {Farnham}
}

@INCOLLECTION{richardson2013,
  author = {Richardson, H. S.},
  title = {Moral Reasoning},
  booktitle = {The Stanford Encyclopedia of Philosophy},
  publisher = {Stanford University},
  year = {2013},
  editor = {Zalta, E. N.}
}

@BOOK{raz1990,
  title = {Practical Reason and Norms},
  publisher = {Princeton University Press},
  year = {1990},
  author = {Raz, J.},
  address = {Princeton (New Jersey)}
}

@INCOLLECTION{timmerEtal2015jurixa,
  author = {Timmer, S. T. and Meyer, J. J. and Prakken, H. and Renooij, S. and Verheij, B.},
  title = {Explaining Legal {B}ayesian networks Using Support Graphs},
  booktitle = {Legal Knowledge and Information Systems: {JURIX} 2015: The Twenty-Eighth
	Annual Conference},
  publisher = {IOS Press},
  year = {2015},
  editor = {Rotolo, A.},
  pages = {121--130},
  address = {Amsterdam}
}

@INCOLLECTION{timmerEtal2015jurixb,
  author = {Timmer, S. T. and Meyer, J. J. and Prakken, H. and Renooij, S. and Verheij, B.},
  title = {Capturing Critical Questions in {B}ayesian Network Fragments. Legal Knowledge and Information Systems},
  booktitle = {Legal Knowledge and Information Systems: {JURIX} 2015: The Twenty-Eighth
	Annual Conference},
  publisher = {IOS Press},
  year = {2015},
  editor = {Rotolo, A.},
  pages = {173--176},
  address = {Amsterdam}
}

@INCOLLECTION{vlekEtal2015jurix,
  author = {Vlek, C. S. and Prakken, H. and Renooij, S. and Verheij, B.},
  title = {Representing the Quality of Crime Scenarios in a {B}ayesian Network},
  booktitle = {Legal Knowledge and Information Systems: {JURIX} 2015: The Twenty-Eighth
	Annual Conference},
  publisher = {IOS Press},
  year = {2015},
  editor = {Rotolo, A.},
  pages = {131--140},
  address = {Amsterdam}
}

@ARTICLE{verheijEtAl2016,
  author = {Verheij, B. and Bex, F. J. and Timmer, S. T. and Vlek, C. S. and Meyer, J. J. and Renooij, S. and Prakken, H.},
  title = {Arguments, Scenarios and Probabilities: Connections Between Three Normative Frameworks for Evidential Reasoning},
	Journal = {Law, Probability and Risk},
	Pages = {35--70},
	Volume = {15},
	Issue = {1},
	Year = {2016}
}

@ARTICLE{thagard1989,
  title = {Explanatory Coherence},
  year = {1989},
	Journal = {Behavioral and Brain Sciences},
  author = {Thagard, P.},
	Pages = {435--502},
	Volume = {12}
}

@INCOLLECTION{douven2011,
  author = {Douven, I.},
  title = {Abduction},
  booktitle = {The Stanford Encyclopedia of Philosophy},
  publisher = {Stanford University},
  year = {2011},
  editor = {Zalta, E. N.}
}

@incollection{minsky1975,
	Author = {Minsky, M.},
	Booktitle = {The Psychology of Computer Vision},
	Editor = {Winston, P. H.},
	Publisher = {McGraw-Hill},
  address = {New York},
	Title = {A Framework for Representing Knowledge},
	Year = {1975}
}

@INCOLLECTION{timmerEtAl2015,
  author = {Timmer, S. T. and Meyer, J. J. and Prakken, H. and Renooij, S. and Verheij, B.},
  title = {Explaining {B}ayesian {N}etworks using Argumentation},
  booktitle = {Symbolic and Quantitative Approaches to Reasoning with Uncertainty - 13th European Conference, {ECSQARU} 2015, Compiègne, France, July 15-17, 2015. Proceedings},
  publisher = {Springer},
  year = {2015},
  pages = {83--92},
  address = {Berlin}
}

@book{walton2005,
	Author = {Walton, D. N.},
	Publisher = {University of Alabama Press},
	Title = {Abductive Reasoning},
	Year = {2005},
  address= {Tuscaloosa}
}

@article{rittelWebber1973,
	Author = {Rittel, H. and Webber, M.},
	Journal = {Policy Sciences},
	Pages = {155--169},
	Title = {Dilemmas in a General Theory of Planning},
	Volume = {4},
	Year = {1973}
}

@BOOK{walton2002,
  title = {Legal Argumentation and Evidence},
  publisher = {The Pennsylvania State University Press},
  year = {2002},
  author = {Walton, D. N.},
  address = {University Park (Pennsylvania)}
}

@ARTICLE{amgoud2014,
  author = {Amgoud, L.},
  title = {Postulates for Logic-Based Argumentation Systems},
  journal = {International Journal of Intelligent Systems},
  year = {2014},
  volume = {55},
  pages = {2028-2048},
  number = {9}
}

@ARTICLE{amgoudCaminada2007,
  author = {Amgoud, L. and Caminada, M.},
  title = {On the Evaluation of Argumentation Formalisms},
  journal = {Artificial Intelligence},
  year = {2007},
  volume = {172},
  pages = {286--310}
}

@INCOLLECTION{simari2014,
  author = {Simari, G. R.},
  title = {On the Properties of the Relation between
Argumentation Semantics and Argumentation Inference Operators},
  booktitle = {Computational Models of Argument. Proceedings of COMMA 2014},
  publisher = {IOS Press},
  year = {2014},
  editor = {Parsons, S. and Oren, N. and Reed, C. and Cerutti, F.},
  pages = {3--8},
  address = {Amsterdam}
}

@article{besnardEtAl2014,
	Author = {Besnard, P. and Garc{\'\i}a, A. J. and Hunter, A. and Modgil, S. and Prakken, H. and Simari, G. R. and Toni, F.},
	Journal = {Argument and Computation},
	Pages = {1--4},
	Title = {Introduction to structured argumentation},
	Volume = {5},
	Year = {2014}
}

@article{allenStein2013,
	Author = {Allen, R. J. and Stein, A.},
	Journal = {Arizona Law Journal},
	Pages = {557--602},
	Title = {Evidence, Probability and the Burden of Proof},
	Volume = {55},
	Year = {2013}
}

@incollection{allen2010,
	Author = {Allen, R. J.},
	Booktitle = {Prueba y Esandares de Prueba en el Derecho},
	Date-Added = {2011-12-15 15:52:24 +0530},
	Date-Modified = {2015-12-19 02:52:33 +0000},
	Editor = {Juan Cruz and Larry Laudan},
	Publisher = {Instituto de Investigaciones Filosoficas-UNAM},
	Title = {No Plausible Alternative to a Plausible Story of Guilt as the Rule of Decision in Criminal Cases},
	Year = {2010}
}



@article{picinali2013,
	Author = {Picinali, F.},
	Journal = {Modern Law Review},
	Number = {5},
	Pages = {845-875},
	Title = {Two Meanings of ``Reasonableness": {D}ispelling the ``Floating" Reasonable Doubt},
	Volume = {76},
	Year = {2013}
}



@unpublished{haack2011,
	Author = {Haack, S.},
	Title = {Legal Probabilism: An Epistemological Dissent (manuscript)},
	Year = {2011}
}




@book{ho08,
	Author = {Ho, H. L.},
	Publisher = {Oxford University Press},
	Title = {Philosophy of Evidence Law},
	Year = {2008}
}



@article{thomson86,
	Author = {Thomson, J. J.},
	Journal = {Law and Contemporary Problems},
	Number = {3},
	Pages = {199--219},
	Rating = {4},
	Read = {Yes},
	Title = {Liability and Individualized Evidence},
	Volume = {49},
	Year = {1986},
}


@book{redmayne2015,
	Author = {Redmayne, M.},
	Publisher = {Oxford University Press},
	Title = {Character Evidence in the Criminal Trial},
	Year = {2015}
}




@book{allenEtAl2011,
	Author = {Allen, R. J. and Hoffmann, J. L. and Livingston, D. and Stuntz, W.},
	Keywords = {base rate, profiling, probability},
	Publisher = {Aspen},
	Title = {Comprehensive Criminal Procedure (2nd ed.)},
	Year = {2005}
}



@book{mendez2008,
	Author = {M\'{e}ndez, M. A.},
	Publisher = {Thomson West},
	Title = {Evidence: The California Code and the Federal Rules (4th edition)},
	Year = {2008}
}



@book{fisher2008,
	Author = {Fisher, G.},
	Publisher = {Foundation Press},
	Title = {Evidence (2nd Edition)},
	Year = {2008}
}



@book{whitman2008,
	Author = {Whitman, J. Q.},
	Publisher = {Yale University Press},
	Title = {The Origins of Reasonable Doubt: Theological Roots of the Criminal Trial},
	Year = {2008}}



@book{shapiro1991,
	Author = {Shapiro, B.},
	Publisher = {University of California Press},
	Title = {Beyond Reasonable Doubt and Probable Cause: Historical Perspectives on the Anglo-American Law of Evidence},
	Year = {1991}
}



@book{stein05,
	Author = {Stein, A.},
	Publisher = {Oxford University Press},
	Rating = {4},
	Read = {Yes},
	Title = {Foundations of Evidence Law},
	Year = {2005}
}


@article{hamer2004,
	Author = {Hamer, D.},
	Journal = {University of New England Law Journal,},
	Number = {1},
	Pages = {71--107},
	Title = {Probabilistic standards of proof, their complements and the errors that are expected to flow from them},
	Volume = {1},
	Year = {2004}
}


@article{nesson79,
	Author = {Nesson, C. R.},
	Journal = {Harvard Law Review},
	Number = {6},
	Pages = {1187--1225},
	Rating = {4},
	Title = {Reasonable Doubt and Permissive Inferences: The Value of Complexity},
	Volume = {92},
	Year = {1979},
}


@article{friedman2000,
	Author = {Friedman, R. D.},
	Journal = {Stanford Law Review},
	Pages = {873--887},
	Title = {A Presumption of Innocence, Not of Even Odds},
	Volume = {52},
	Year = {2000},
}



@book{laudan2006,
	Author = {Larry Laudan, L.},
	Publisher = {Cambridge University Press},
	Title = {Truth, Error, and Criminal Law: An Essay in Legal Epistemology},
	Year = {2006}
}



@article{cheng2013,
	Author = {Cheng, E.},
	Journal = {Yale Law Journal},
	Number = {5},
	Pages = {1104--1371},
	Title = {Reconceptualizing the Burden of Proof},
	Volume = {122},
	Year = {2013}
}


@article{kaplow2012,
	Author = {Kaplow, L.},
	Journal = {Yale Law Journal},
	Number = {4},
	Pages = {738-1013},
	Title = {Burden of Proof},
	Volume = {121},
	Year = {2012}
}


@article{kaplan1968,
	Author = {Kaplan, J.},
	Journal = {Stanford Law Review},
	Number = {1065-1092},
	Title = {Decision Theory and the Fact-finding Process},
	Volume = {20},
	Year = {1968},
}


@article{kaye1986,
	Author = {Kaye, D. H.},
	Journal = {Boston University Law Review},
	Pages = {657-672},
	Title = {Do we Need a Calculus of Weight to Understand Proof Beyond a Reasonable Doubt?},
	Volume = {66},
	Year = {1986},
}


@article{kaye1999,
	Author = {Kaye, D. H.},
	Journal = {International Commentary on Evidence},
	Pages = {1-28},
	Title = {Clarifying the Burden of Persuasion: What {B}ayesian Rules do and not do},
	Volume = {3},
	Year = {1999},
}



@article{friedman1987,
	Author = {Friedman, R. D.},
	Journal = {The Yale Law Journal},
	Number = {4},
	Pages = {667-742},
	Title = {Route Analysis of Credibility and Hearsay},
	Volume = {97},
	Year = {1987},
}




@article{cookEtAl1998,
	Author = {Cook, R. and Evett, I. W. and Jackson, G. and Jones, P. J. and  Lambert, J. A.},
	Journal = {Science and Justice},
	Number = {4},
	Pages = {231-239},
	Title = {A hierarchy of propositions: deciding which level to address in casework},
	Volume = {38},
	Year = {1998}
}


@book{schumStarace2001,
	Author = {Schum, D. A. and Starace, S.},
	Publisher = {Northwestern University Press},
	Title = {The Evidential Foundations of Probabilistic Reasoning},
	Year = {2001}}



@book{NRC1996,
	Author = {NRC},
	Publisher = {National Academy Press},
	Title = {The Evaluation of Forensic DNA Evidence},
	Year = {1996}
}



@incollection{kayeSensabaugh2000,
	Author = {Kaye, D. H. and Sensabaugh, G. F.},
	Booktitle = {Reference Manual on Scientific Evidence (2dn ed.)},
	Keywords = {DNA},
	Pages = {576-585},
	Publisher = {Federal Judicial Center},
	Title = {Reference Guide on {DNA} Evidence},
	Year = {2000},
}




@incollection{wasserman2008,
	Author = {Wasserman, D.},
	Booktitle = {Companion to Genetics},
	Editor = {Burley, J. and Harris, J.},
	Keywords = {DNA},
	Publisher = {Blackwell},
	Title = {Forensic {DNA} Typing},
	Year = {2008},
}



@article{frumkinEtAl2009,
	Author = {Frumkin, D. and Waserstrom A. and Davidson, A. and Grafit, A.},
	Journal = {Forensic Science International: Genetics},
	Number = {2},
	Pages = {95-103},
	Title = {Authentication of Forensic DNA Samples},
	Volume = {4},
	Year = {2009}
}


@article{allenPardo2007,
	Author = {Allen, R. J. and Pardo, M. S.},
	Journal = {Journal of Legal Studies},
	Keywords = {reference class, DNA},
	Number = {1},
	Pages = {107-140},
	Rating = {4},
	Read = {Yes},
	Title = {The Problematic Value of Mathematical Models of Evidence},
	Volume = {36},
	Year = {2007},
}



@article{robertsonVignaux1995,
	Author = {Robertson, B. and Vignaux, G. A.},
	Journal = {Genetica},
	Pages = {145-152},
	Title = {{DNA} Evidence: Wrong Answers or Wrong Questions?},
	Volume = {96},
	Year = {1995},
}


@article{weir2007,
	Author = {Weir, B. S.},
	Journal = {The Annals of Applied Statistics},
	Pages = {358-370},
	Title = {The Rarity of {DNA} Profiles},
	Volume = {1},
	Year = {2007},
}



@incollection{mortera2007,
	Author = {Mortera, J. and Dawid, P.},
	Booktitle = {Handbook of Probability Theory},
	Editor = {Rudas, T.},
	Publisher = {Sage Handbook},
	Title = {Probability and Evidence},
	Year = {2007},
}



@article{baldingDonnely1996,
	Author = {Balding, D. J. and Donnely, P.},
	Journal = {Journal of Forensic Science},
	Pages = {603-607},
	Title = {Evaluating {DNA} Profile Evidence When the Suspect is Identified Through a Database search},
	Volume = {41},
	Year = {1996},
}



@book{balding2005,
	Author = {Balding, D. J.},
	Publisher = {John Wiley and Sons},
	Title = {Weight-of-evidence for forensic DNA profiles},
	Year = {2005}
}



@incollection{dawid2002,
	Author = {Dawid, P. },
	Booktitle = {Bayes's Theorem},
	Journal = {Proceedings of the British Academy},
	Pages = {71-90},
	Publisher = {Oxford University Press},
	Title = {Bayes's Theorem and Weighing Evidence by Juries},
	Volume = {113},
	Year = {2002},
}



@article{koehler1993,
	Author = {Koehler, J. J.},
	Journal = {Jurimetrics Journal},
	Pages = {21-39},
	Title = {Error and Exaggeration in the Presentation of {DNA} Evidence in Trial},
	Volume = {34},
	Year = {1993},
}



@article{zabell2005,
	Author = {Zabell, S. L.},
	Journal = {Journal of Law and Policy},
	Keywords = {DNA, probability, base rate, individualization, statistics},
	Pages = {143-179},
	Rating = {3},
	Title = {Fingerprint Evidence},
	Volume = {13},
	Year = {2005},
}



@article{kaye1993,
	Author = {Kaye, D. H.},
	Journal = {Harvard Journal of Law and Technology},
	Keywords = {DNA, leggere, probability, statistics},
	Pages = {101-172},
	Title = {{DNA} Evidence: Probability, Population Genetics and the Courts},
	Volume = {7},
	Year = {1993},
}



@article{kaye2013,
	Author = {Kaye, D. H.},
	Journal = {Law, Probability and Risk},
	Number = {1},
	Pages = {3-11},
	Title = {Beyond Uniqueness: the Birthday Paradox, Source Attribution and Individualization in Forensic Science},
	Volume = {12},
	Year = {2013}
}


@incollection{buckleton2005population,
	Author = {Buckleton, J.},
	Booktitle = {Forensic DNA Evidence Interpretation},
	Editor = {Buckleton, J. and Triggs, C. M. and Walsh, S. J.},
	Publisher = {CRC Press},
	Title = {Population Genetic Models},
	Year = {2005},
}


@incollection{buckleton2005,
	Author = {Buckleton, J.},
	Booktitle = {Forensic DNA Evidence Interpretation},
	Editor = {Buckleton, J. and Triggs, C. M. and Walsh, S. J.},
	Publisher = {CRC Press},
	Title = {A Framework for Interpreting Evidence},
	Year = {2005},
}



@article{thompsonSchuman1987,
	Author = {Thompson, W. C. and Shumann, E. L. },
	Journal = {Law and Human Behaviour},
	Pages = {167-187},
	Title = {Interpretation of Statistical Evidence in Criminal Trials: The Prosecutor's Fallacy and the Defense Attorney's Fallacy},
	Volume = {11},
	Year = {1987}
}



@article{thompsonEtAl2003,
	Author = {Thompson, W. C. and Taroni, F. and Aitken, C. G. G. },
	Journal = {Journal of Forensic Science},
	Pages = {47-54},
	Title = {How the Probability of a False Positive Affects the Value of {DNA} Evidence},
	Volume = {48},
	Year = {2003},
}



@BOOK{aitkenTaroni2004,
  title = {Statistics and the Evaluation of Evidence for Forensic Scientists,
	2nd Edition},
  publisher = {Wiley},
  year = {2004},
  author = {Aitken, C. G. G. and Taroni, F.},
  address = {Chichester}
}

@INCOLLECTION{alferes1993,
  author = {Alferes, J. J. and Dung, P. M. and Pereira, L. M.},
  title = {Scenario Semantics of Extended Logic Programs},
  booktitle = {Proceedings of the Second International Workshop on Logic Programming
	and Non-Monotonic Reasoning},
  publisher = {The MIT Press},
  year = {1993},
  editor = {Nerode, A. and Pereira, L.},
  pages = {334--348},
  address = {Cambridge (Massachusetts)}
}

@INCOLLECTION{amgoudBesnard2009,
  author = {Amgoud, L. and Besnard, P.},
  title = {Bridging the Gap Between Abstract Argumentation Systems and Logic},
  booktitle = {Third International Conference on Scalable Uncertainty Management
	(SUM 2009)},
  publisher = {Springer},
  year = {2009},
  editor = {Godo, L. and Pugliese, A.},
  pages = {12--27},
  address = {Berlin}
}

@ARTICLE{amgoudEtal2008,
  author = {Amgoud, L. and Cayrol, C. and Lagasquie-Schiex, M. C. and Livet,
	P.},
  title = {On Bipolarity in Argumentation Frameworks},
  journal = {International Journal of Intelligent Systems},
  year = {2008},
  volume = {23},
  pages = {1062--1093},
  number = {10}
}

@BOOK{andersonEtal2005,
  title = {Analysis of Evidence. 2nd Edition},
  publisher = {Cambridge University Press},
  year = {2005},
  author = {Anderson, T. and Schum, D. and Twining, W.},
  address = {Cambridge}
}

@BOOK{antoniouVanHarmelen2008,
  title = {A Semantic Web Primer. Second Edition},
  publisher = {The MIT Press},
  year = {2008},
  author = {Antoniou, G. and Van Harmelen, F.},
  address = {Cambridge (Massachusetts)}
}

@BOOK{ashley1990,
  title = {Modeling Legal Arguments: Reasoning with Cases and Hypotheticals},
  publisher = {The MIT Press},
  year = {1990},
  author = {Ashley, K. D.},
  address = {Cambridge (Massachusetts)}
}

@ARTICLE{baroniEtal2011,
  author = {Baroni, P. and Caminada, M. and Giacomin, M.},
  title = {Review: an Introduction to Argumentation Semantics},
  journal = {The Knowledge Engineering Review},
  year = {2011},
  volume = {26},
  pages = {365--410},
  number = {4}
}

@ARTICLE{baroniGiacomin2007,
  author = {Baroni, P. and Giacomin, M.},
  title = {On Principle-based Evaluation of Extension-based Argumentation Semantics},
  journal = {Artificial Intelligence},
  year = {2007},
  volume = {171},
  pages = {675--700},
  number = {10--15},
  publisher = {Elsevier}
}

@ARTICLE{baroniEtal2005,
  author = {Baroni, P. and Giacomin, M. and Guida, G.},
  title = {{SCC}-Recursiveness: a General Schema for Argumentation Semantics},
  journal = {Artificial Intelligence},
  year = {2005},
  volume = {168},
  pages = {162--210},
  number = {1}
}

@ARTICLE{bench2003,
  author = {Bench-Capon, T. J. M.},
  title = {Persuasion in Practical Argument using Value-based Argumentation
	Frameworks},
  journal = {Journal of Logic and Computation},
  year = {2003},
  volume = {13},
  pages = {429--448},
  number = {3}
}

@INCOLLECTION{bench1993,
  author = {Bench-Capon, T. J. M.},
  title = {Neural Networks and Open Texture},
  booktitle = {Proceedings of the Fourth International Conference on Artificial
	Intelligence and Law},
  publisher = {ACM Press},
  year = {1993},
  pages = {292--297},
  address = {New York (New York)}
}

@ARTICLE{benchEtal2012,
  author = {Bench-Capon, T. J. M. and Araszkiewicz, M. and Ashley, K. D. and Atkinson,
	K. and Bex, F. J. and Borges, F. and Bourcier, D. and Bourgine, D.
	and Conrad, J. G. and Francesconi, E. and Gordon, T. F. and Governatori,
	G. and Leidner, J. L. and Lewis, D. D. and Loui, R. P. and McCarty,
	L. T. and Prakken, H. and Schilder, F. and Schweighofer, E. and Thompson,
	P. and Tyrrell, A. and Verheij, B. and Walton, D. N. and Wyner, A. Z.},
  title = {A History of AI and Law in 50 Papers: 25 Years of the International
	Conference on AI and Law},
  journal = {Artificial Intelligence and Law},
  year = {2012},
  volume = {20},
  pages = {215--319},
  number = {3}
}

@ARTICLE{benchDunne2007,
  author = {Bench-Capon, T. J. M. and Dunne, P. E.},
  title = {Argumentation in Artificial Intelligence},
  journal = {Artificial Intelligence},
  year = {2007},
  volume = {171},
  pages = {619--641},
  number = {10-15},
  publisher = {Elsevier}
}

@ARTICLE{benchPrakken2006,
  author = {Bench-Capon, T. J. M. and Prakken, H.},
  title = {Introducing the Logic and Law Corner},
  journal = {Journal of Logic and Computation},
  year = {2008},
  volume = {18},
  pages = {1--12},
  number = {1}
}

@INCOLLECTION{benchRissland2001,
  author = {Bench-Capon, T. J. M. and Rissland, E.},
  title = {Back to the Future: Dimensions Revisited},
  booktitle = {Legal Knowledge and Information Systems. {JURIX} 2001: The Fourteenth
	Annual Conference},
  publisher = {IOS Press},
  year = {2001},
  editor = {Verheij, B. and Lodder, A. R. and Loui, R. P. and Muntjewerff, A. J.},
  pages = {41--52},
  address = {Amsterdam}
}

@INCOLLECTION{benchSartor2001,
  author = {Bench-Capon, T. J. M. and Sartor, G.},
  title = {A Quantitative Approach to Theory Coherence},
  booktitle = {Legal Knowledge and Information Systems. {JURIX} 2001: The Fourteenth
	Annual Conference},
  publisher = {IOS Press},
  year = {2001},
  editor = {Verheij, B. and Lodder, A. R. and Loui, R. P. and Muntjewerff, A. J.},
  pages = {53--62},
  address = {Amsterdam}
}

@ARTICLE{benchSartor2003,
  author = {Bench-Capon, T. J. M. and Sartor, G.},
  title = {A Model of Legal Reasoning with Cases Incorporating Theories and
	Values},
  journal = {Artificial Intelligence},
  year = {2003},
  volume = {150},
  pages = {97--143},
  number = {1}
}

@BOOK{bennettFeldman1981,
  title = {Reconstructing Reality in the Courtroom},
  publisher = {London: Tavistock Feldman},
  year = {1981},
  author = {Bennett, W. L. and Feldman, M. S.}
}

@ARTICLE{vanBenthem1984,
  author = {van Benthem, J.},
  title = {Foundations of Conditional Logic},
  journal = {Journal of Philosophical Logic},
  year = {1984},
  volume = {13},
  pages = {303--349}
}

@INCOLLECTION{bermanHafner1993,
  author = {Berman, D. H. and Hafner, C. L.},
  title = {Representing Teleological Structure in Case Based Reasoning: The
	Missing Link},
  booktitle = {Proceedings of the Fourth International Conference on Artificial
	Intelligence and Law},
  publisher = {ACM Press},
  year = {1993},
  pages = {50--59},
  address = {New York (New York)}
}

@INCOLLECTION{besnardHunter2009,
  author = {Besnard, P. and Hunter, A.},
  title = {Argumentation Based on Classical Logic},
  booktitle = {Argumentation in Artificial Intelligence},
  publisher = {Springer},
  year = {2009},
  editor = {Rahwan, I. and Simari, G. R.},
  pages = {133--152},
  address = {Berlin}
}

@INCOLLECTION{bex2015,
  author = {Bex, F. J.},
  title = {An integrated theory of causal scenarios and evidential arguments},
  booktitle = {Proceedings of the 15th International Conference on Artificial Intelligence and Law (ICAIL 2015)},
  publisher = {ACM Press},
  year = {2015},
  pages = {13--22},
  address = {New York}
}

@BOOK{bex2011,
  title = {Arguments, Stories and Criminal Evidence: A Formal Hybrid Theory},
  publisher = {Springer},
  year = {2011},
  author = {Bex, F. J.},
  address = {Berlin}
}

@ARTICLE{bexEtal2007,
  author = {Bex, F. J. and van den Braak, S. W. and van Oostendorp, H. and Prakken,
	H. and Verheij, B. and Vreeswijk, G. A. W.},
  title = {Sense-Making Software for Crime Investigation: How to Combine Stories
	and Arguments?},
  journal = {Law, Probability and Risk},
  year = {2007},
  volume = {6},
  pages = {145--168},
  owner = {p230681},
  timestamp = {2014.12.17}
}

@ARTICLE{bexEtal2010,
  author = {Bex, F. J. and van Koppen, P. J. and Prakken, H. and Verheij, B.},
  title = {A Hybrid Formal Theory of Arguments, Stories and Criminal Evidence},
  journal = {Artificial Intelligence and Law},
  year = {2010},
  volume = {18},
  pages = {1--30}
}

@ARTICLE{bexEtal2003,
  author = {Bex, F. J. and Prakken, H. and Reed, C. A. and Walton, D. N.},
  title = {Towards a Formal Account of Reasoning about Evidence: Argumentation
	Schemes and Generalisations},
  journal = {Artificial Intelligence and Law},
  year = {2003},
  volume = {11},
  pages = {125--165},
  number = {2/3}
}

@ARTICLE{bexVerheij2013,
  author = {Bex, F. J. and Verheij, B.},
  title = {Legal stories and the process of proof},
  journal = {Artificial Intelligence and Law},
  year = {2013},
  volume = {21},
  pages = {253--278},
  number = {3},
  publisher = {Springer}
}

@ARTICLE{bexVerheij2012,
  author = {Bex, F. J. and Verheij, B.},
  title = {Solving a Murder Case by Asking Critical Questions: An Approach to
	Fact-Finding in Terms of Argumentation and Story Schemes},
  journal = {Argumentation},
  year = {2012},
  volume = {26},
  pages = {325--353}
}

@BOOK{blakesley1839,
  title = {A Life of Aristotle, Including a Critical Discussion of Some Questions
	of Literary History Connected with His Works},
  publisher = {J. and J.J. Deighton},
  year = {1839},
  author = {Blakesley, J. W.},
  address = {Cambridge}
}

@INCOLLECTION{bochman2005,
  author = {Bochman, A.},
  title = {Propositional Argumentation and Causal Reasoning},
  booktitle = {International Joint Conference on Artificial Intelligence},
  publisher = {Morgan Kaufmann},
  year = {2005},
  volume = {19},
  pages = {388--393},
  address = {San Francisco (California)}
}

@BOOK{bochman2001,
  title = {A Logical Theory of Nonmonotonic Inference and Belief Change},
  publisher = {Springer},
  year = {2001},
  author = {Bochman, A.},
  address = {Berlin}
}

@ARTICLE{bondarenkoEtal1997,
  author = {Bondarenko, A. and Dung, P. M. and Kowalski, R. A. and Toni, F.},
  title = {An Abstract, Argumentation-theoretic Approach to Default Reasoning},
  journal = {Artificial Intelligence},
  year = {1997},
  volume = {93},
  pages = {63--101}
}

@INCOLLECTION{vandenBraakEtal2008,
  author = {van den Braak, S. W. and van Oostendorp, H. and Prakken, H. and Vreeswijk,
	G. A. W.},
  title = {Representing Narrative and Testimonial Knowledge in Sense-Making
	Software for Crime Analysis},
  booktitle = {Legal Knowledge and Information Systems: {JURIX} 2008: The Twenty-First
	Annual Conference},
  publisher = {IOS Press},
  year = {2008},
  editor = {Francesconi, E. and Sartor, G. and Tiscornia, D.},
  pages = {160--169},
  address = {Amsterdam}
}

@BOOK{brachmanLevesque2004,
  title = {Knowledge Representation and Reasoning},
  publisher = {Morgan Kaufmann},
  year = {2004},
  author = {Brachman, R. J. and Levesque, H. J.},
  address = {San Francisco (California)}
}

@INCOLLECTION{broeders2009,
  author = {Broeders, T.},
  title = {Decision Making in the Forensic Arena},
  booktitle = {Legal Evidence and Proof: Statistics, Stories, Logic},
  publisher = {Ashgate},
  year = {2009},
  editor = {Kaptein, H. and Prakken, H. and Verheij, B.},
  pages = {71--92},
  address = {Farnham}
}

@ARTICLE{buchanan2007,
  author = {Buchanan, M.},
  title = {Conviction by Numbers},
  journal = {Nature},
  year = {2007},
  volume = {445},
  pages = {254--255},
  number = {10}
}

@INCOLLECTION{caminada2006,
  author = {Caminada, M.},
  title = {Semi-Stable Semantics},
  booktitle = {Computational Models of Argument; Proceedings of COMMA},
  publisher = {IOS Press},
  year = {2006},
  editor = {Dunne, P. E. and Bench-Capon, T. J. M.},
  pages = {121--130},
  address = {Amsterdam}
}

@ARTICLE{caminadaAmgoud2007evaluation,
  author = {Caminada, M. and Amgoud, L.},
  title = {On the Evaluation of Argumentation Formalisms},
  journal = {Artificial Intelligence},
  year = {2007},
  volume = {171},
  pages = {286--310},
  number = {5-6}
}

@INCOLLECTION{cayrolLagasquie2009,
  author = {Cayrol, C. and Lagasquie-Schiex, M. C.},
  title = {Bipolar Abstract Argumentation Systems},
  booktitle = {Argumentation in Artificial Intelligence},
  publisher = {Springer},
  year = {2009},
  editor = {Rahwan, I. and Simari, G. R.},
  pages = {65--84},
  address = {Berlin}
  }


@ARTICLE{chesnevarEtal2006,
  author = {Ches{\~n}evar, C. I. and McGinnis, J. and Modgil, S. and Rahwan, I.
	and Reed, C. and Simari, G. and South, M. and Vreeswijk, G. A. W. and Willmott,
	S.},
  title = {Towards an Argument Interchange Format},
  journal = {The Knowledge Engineering Review},
  year = {2006},
  volume = {21},
  pages = {293--316},
  number = {4}
}

@ARTICLE{chesnevarEtal2000,
  author = {Ches{\~n}evar, C. I. and Maguitman, A. G. and Loui,
	R. P.},
  title = {Logical Models of Argument},
  journal = {ACM Computing Surveys},
  year = {2000},
  volume = {32},
  pages = {337--383},
  number = {4},
  publisher = {ACM}
}

@ARTICLE{chesnevarSimari2007,
  author = {Ches{\~n}evar, C. I. and Simari, G. R.},
  title = {Modelling Inference in Argumentation Through Labelled Deduction:
	Formalization and Logical Properties},
  journal = {Logica Universalis},
  year = {2007},
  volume = {1},
  pages = {93--124},
  number = {1},
  publisher = {Springer}
}

@BOOK{chisholm1957,
  title = {Perceiving: A Philosophical Study},
  publisher = {Cornell Univeristy Press},
  year = {1957},
  author = {Chisholm, R. M.},
  address = {Ithaca}
}

@BOOK{cohen1977,
  title = {The Probable and the Provable},
  publisher = {Clarendon Press},
  year = {1977},
  author = {Cohen, L. J.},
  address = {Oxford}
}

@INCOLLECTION{consoleDupre1994,
  author = {Console, L. and Theseider Dupr{\'e}, D.},
  title = {Abductive Reasoning with Abstraction Axioms},
  booktitle = {Foundations of Knowledge Representation and Reasoning},
  publisher = {Springer},
  year = {1994},
  editor = {Lakemeyer, G. and Nebel, B.},
  pages = {98--112},
  address = {Berlin}
}

@ARTICLE{consoleTorasso1991,
  author = {Console, L. and Torasso, P.},
  title = {A Spectrum of Logical Definitions of Model-based Diagnosis},
  journal = {Computational Intelligence},
  year = {1991},
  volume = {7},
  pages = {133--141},
  number = {3},
  publisher = {Wiley Online Library}
}

@BOOK{crombagEtal1992,
  title = {Dubieuze Zaken: De Psychologie van Strafrechtelijk Bewijs},
  publisher = {Uitgeverij Contact},
  year = {1992},
  author = {Crombag, H. F. M. and van Koppen, P. J. and Wagenaar, W. A.},
  address = {Amsterdam}
}

@ARTICLE{crupiEtal2007,
  author = {Crupi, V. and Tentori, K. and Gonzales, M.},
  title = {On {B}ayesian Measures of Evidential Support: Theoretical and Empirical
	Issues},
  journal = {Philosophy of Science},
  year = {2007},
  volume = {74},
  pages = {229--252},
  number = {2},
  month = {april},
  owner = {sjoerd},
  timestamp = {2014.02.17}
}

@INCOLLECTION{dawid2010,
  author = {Dawid, A. P.},
  title = {Beware of the {DAG}!},
  booktitle = {JMLR Workshop and Conference Proceedings: Volume 6. Causality: Objectives and Assessment (NIPS 2008 Workshop)},
  year = {2010},
  editor = {Guyon, I. and Janzing, D. and Sch{\"o}lkopf, B.},
  pages = {59--86},
  publisher = {jmlr.org}
}

@INCOLLECTION{derksenMeijsing2009,
  author = {Derksen, T. and Meijsing, M.},
  title = {The Fabrication of Facts: The Lure of the Incredible Coincidence},
  booktitle = {Legal Evidence and Proof: Statistics, Stories, Logic},
  publisher = {Ashgate},
  year = {2009},
  editor = {Kaptein, H. and Prakken, H. and Verheij, B.},
  pages = {39--70},
  address = {Farnham}
}

@ARTICLE{druzdzel1996,
  author = {Druzdzel, M. J.},
  title = {Qualitative Verbal Explanations in {B}ayesian Belief Networks},
  journal = {Artificial Intelligence and Simulation of Behaviour Quarterly},
  year = {1996},
  volume = {94},
  pages = {43--54},
  file = {:Druzdzel1996.pdf:PDF},
  owner = {sjoerd},
  timestamp = {2012.07.25}
}

@ARTICLE{duboisPrade2001,
  author = {Dubois, D. and Prade, H.},
  title = {Possibility Theory, Probability Theory and Multiple-valued Logics:
	A Clarification},
  journal = {Annals of Mathematics and Artificial Intelligence},
  year = {2001},
  volume = {32},
  pages = {35--66},
  number = {1}
}

@ARTICLE{dung1995,
  author = {Dung, P. M.},
  title = {On the Acceptability of Arguments and its Fundamental Role in Nonmonotonic
	Reasoning, Logic Programming and n-Person Games},
  journal = {Artificial Intelligence},
  year = {1995},
  volume = {77},
  pages = {321--357}
}

@ARTICLE{dungEtal2007,
  author = {Dung, P. M. and Mancarella, P. and Toni, F.},
  title = {Computing Ideal Sceptical Argumentation},
  journal = {Artificial Intelligence},
  year = {2007},
  volume = {171},
  pages = {642--674},
  number = {10}
}

@INCOLLECTION{dungThang2010,
  author = {Dung, P. M. and Thang, P.},
  title = {Towards Probabilistic Argumentation for Jury-Based Dispute Resolution},
  booktitle = {Computational Models of Argument: Proceedings of COMMA 2010, Desenzano
	del Garda, Italy, September 8-10, 2010},
  publisher = {IOS Press},
  year = {2010},
  pages = {171--182},
  address = {Amsterdam}
}

@BOOK{vanEemerenEtal2014,
  title = {Handbook of Argumentation Theory},
  publisher = {Springer},
  year = {2014},
  author = {van Eemeren, F. H. and Garssen, B. and Krabbe, E. C. W. and Snoeck Henkemans,
	A. F. and Verheij, B. and Wagemans, J. H. M.},
  address = {Berlin}
}

@INCOLLECTION{vanEemerenEtal2014ch11,
  author = {van Eemeren, F. H. and Garssen, B. and Krabbe, E. C. W. and Snoeck Henkemans,
	A. F. and Verheij, B. and Wagemans, J. H. M.},
  title = {Chapter 11: Argumentation in {A}rtificial {I}ntelligence},
  booktitle = {Handbook of Argumentation Theory},
  publisher = {Springer},
  year = {2014},
  address = {Berlin}
}

@ARTICLE{evettEtal2000,
  author = {Evett, I. and Jackson, G. and Lambert, J. A. and McCrossan, S.},
  title = {The Impact of the Principles of Evidence Interpretation on the Structure
	and Content of Statements},
  journal = {Science and Justice},
  year = {2000},
  volume = {40},
  pages = {233--239},
  number = {4},
  owner = {p230681},
  timestamp = {2014.10.27}
}

@ARTICLE{fenton2011,
  author = {Fenton, N. E.},
  title = {Science and Law: Improve Statistics in Court},
  journal = {Nature},
  year = {2011},
  volume = {479},
  pages = {36--37}
}

@BOOK{fentonNeil2013,
  title = {Risk Assessment and Decision Analysis With {B}ayesian {N}etworks},
  publisher = {CRC Press},
  year = {2013},
  author = {Fenton, N. E. and Neil, M. D.},
  address = {Boca Raton}
}

@ARTICLE{fentonNeilLagnado2013,
  author = {Fenton, N. E. and Neil, M. D. and Lagnado, D. A.},
  title = {A General Structure for Legal Arguments About Evidence Using {B}ayesian
	{N}etworks},
  journal = {Cognitive Science},
  year = {2013},
  volume = {37},
  pages = {61--102}
}

@ARTICLE{fentonEtal2011constraint,
  author = {Fenton, N. E. and Neil, M. D. and Lagnado, D. A.},
  title = {Modelling Mutually Exclusive Causes in {B}ayesian networks},
  year = {2011},
  note = {Available online: http://www.eecs.qmul.ac.uk/$\sim$norman/papers/mutual\_IEEE\_format\_version.pdf}
}

@ARTICLE{ferrucciEtal2010,
  author = {Ferrucci, D. and Brown, E. and Chu-Carroll, J. and Fan, J. and Gondek,
	D. and Kalyanpur, A. A. and Lally, A. and Murdock, J. W. and Nyberg,
	E. and Prager, J. and others},
  title = {Building Watson: An Overview of the DeepQA Project},
  journal = {AI Magazine},
  year = {2010},
  volume = {31},
  pages = {59--79},
  number = {3}
}

@ARTICLE{ferrucciEtal2013,
  author = {Ferrucci, D. and Levas, A. and Bagchi, S. and Gondek, D. and Mueller,
	E. T.},
  title = {Watson: Beyond Jeopardy!},
  journal = {Artificial Intelligence},
  year = {2013},
  volume = {199--200},
  pages = {93--105}
}

@ARTICLE{finkelsteinFairley1970,
  author = {Finkelstein, M. O. and Fairley, W. B.},
  title = {A {B}ayesian Approach to Identification Evidence},
  journal = {Harvard Law Review},
  year = {1970},
  volume = {83},
  pages = {489--517}
}

@ARTICLE{fitelson2010,
  author = {Fitelson, B.},
  title = {Pollock on Probability in Epistemology},
  journal = {Philosophical Studies},
  year = {2010},
  volume = {148},
  pages = {455--465}
}

@BOOK{foxDas2000,
  title = {Safe and Sound: Artificial Intelligence in Hazardous Applications},
  publisher = {The MIT Press},
  year = {2000},
  author = {Fox, J. and Das, S.},
  address = {Cambridge (Massachusetts)}
}

@INCOLLECTION{gabbay1985,
  author = {Gabbay, D. M.},
  title = {Theoretical Foundations for Non-monotonic Reasoning in Expert Systems},
  booktitle = {Logics and Models of Concurrent Systems},
  publisher = {Springer},
  year = {1985},
  editor = {Apt, K. R.},
  pages = {439--457},
  address = {Berlin}
}

@BOOK{gamut1991,
  title = {Logic, Language, and Meaning. Vol I: Introduction to Logic},
  publisher = {University of Chicago Press},
  year = {1991},
  author = {Gamut, L. T. F.},
  address = {Chicago}
}

@INCOLLECTION{garciaEtal2009,
  author = {Garc{\'\i}a, A. J. and Dix, J. and Simari, G. R.},
  title = {Argument-based Logic Programming},
  booktitle = {Argumentation in Artificial Intelligence},
  publisher = {Springer},
  year = {2009},
  editor = {Rahwan, I. and Simari, G. R.},
  pages = {153--171},
  address = {Berlin}
}

@ARTICLE{garciaSimari2004,
  author = {Garc{\'\i}a, A. J. and Simari, G. R.},
  title = {Defeasible Logic Programming: An Argumentative Approach},
  journal = {Theory and Practice of Logic Programming},
  year = {2004},
  volume = {4},
  pages = {95--138},
  number = {2}
}

@ARTICLE{geffnerPearl1992,
  author = {Geffner, H. and Pearl, J.},
  title = {Conditional Entailment: Bridging Two Approaches to Default Reasoning},
  journal = {Artificial Intelligence},
  year = {1992},
  volume = {53},
  pages = {209--244},
  number = {2-3}
}

@ARTICLE{gordonEtal2007,
  author = {Gordon, T. F. and Prakken, H. and Walton, D. N.},
  title = {The {C}arneades Model of Argument and Burden of Proof},
  journal = {Artificial Intelligence},
  year = {2007},
  volume = {171},
  pages = {875--896},
  number = {10--15}
}

@ARTICLE{gorogiannisHunter2011,
  author = {Gorogiannis, N. and Hunter, A.},
  title = {Instantiating Abstract Argumentation with Classical Logic Arguments:
	Postulates and Properties},
  journal = {Artificial Intelligence},
  year = {2011},
  volume = {175},
  pages = {1479--1497},
  number = {9}
}

@INPROCEEDINGS{gosligaVoorde2008,
  author = {van Gosliga, S. P. and van de Voorde, I.},
  title = {Hypothesis Management Framework: A Flexible Design Pattern for Belief
	Networks in Decision Support Systems},
  booktitle = {6th {B}ayesian Modelling Applications Workshop on UAI 2008, Helsinki,
	Finland},
  year = {2008}
}

@INCOLLECTION{hajek2011,
  author = {H{\'a}jek, A.},
  title = {Interpretations of Probability},
  booktitle = {The Stanford Encyclopedia of Philosophy},
  publisher = {Stanford University},
  year = {2011},
  editor = {Zalta, E. N.}
}

@ARTICLE{haack2012,
  author = {Haack, S.},
  title = {The Embedded Epistemologist: Dispatches from the Legal Front},
  journal = {Ratio Juris},
  year = {2012},
  volume = {25},
  pages = {206--235}
}

@ARTICLE{haenni2001,
  author = {Haenni, R.},
  title = {Cost-Bounded Argumentation},
  journal = {International Journal of Approximate Reasoning},
  year = {2001},
  volume = {26},
  pages = {101--127},
  number = {2}
}

@INCOLLECTION{haenniEtal2000,
  author = {Haenni, R. and Kohlas, J. and Lehmann, N.},
  title = {Probabilistic Argumentation Systems},
  booktitle = {Handbook of Defeasible Reasoning and Uncertainty Management Systems},
  publisher = {Kluwer Academic Publishers},
  year = {2000},
  editor = {Gabbay, D. and Smets, P.},
  volume = {5},
  pages = {221--288},
  address = {Dordrecht}
}

@BOOK{halpern2003,
  title = {Reasoning About Uncertainty},
  publisher = {The MIT Press},
  year = {2003},
  author = {Halpern, J.},
  address = {Cambridge (Massachusetts)}
}

@ARTICLE{hart1948,
  author = {Hart, H. L. A.},
  title = {The Ascription of Responsibility and Rights},
  journal = {Proceedings of the Aristotelian Society},
  year = {1948},
  volume = {49},
  pages = {171--194}
}

@ARTICLE{hawthorneMakinson2007,
  author = {Hawthorne, J. and Makinson, D.},
  title = {The Quantitative/Qualitative Watershed for Rules of Uncertain Inference},
  journal = {Studia Logica},
  year = {2007},
  volume = {86},
  pages = {247--297},
  number = {2}
}

@ARTICLE{henrionDruzdzel1990,
  author = {Henrion, M. and Druzdzel, M. J.},
  title = {Qualitative Propagation and Scenario-based Approaches to Explanation
	of Probabilistic Reasoning},
  journal = {Uncertainty in Artificial Intelligence},
  year = {1990},
  volume = {6},
  pages = {17--32}
}

@ARTICLE{heplerEtal2007,
  author = {Hepler, A. B. and Dawid, A. P. and Leucari, V.},
  title = {Object-Oriented Graphical Representations of Complex Patterns of Evidence},
  journal = {Law, Probability and Risk},
  year = {2007},
  volume = {6},
  pages = {275--293},
  number = {1--4}
}

@ARTICLE{howson2009,
  author = {Howson, C.},
  title = {Can Logic be Combined with Probability? Probably},
  journal = {Journal of Applied Logic},
  year = {2009},
  volume = {7},
  pages = {177--187}
}

@ARTICLE{hunter2014,
  author = {Hunter, A.},
  title = {Probabilistic Qualification of Attack in Abstract Argumentation},
  journal = {International Journal of Approximate Reasoning},
  year = {2014},
  volume = {55},
  pages = {607--638}
}

@ARTICLE{hunter2012,
  author = {Hunter, A.},
  title = {A Probabilistic Approach to Modelling Uncertain Logical Arguments},
  journal = {International Journal of Approximate Reasoning},
  year = {2012},
  volume = {54},
  pages = {47--81},
  publisher = {Elsevier}
}

@BOOK{jensenNielsen2007,
  title = {{B}ayesian {N}etworks and Decision Graphs},
  publisher = {Springer},
  year = {2007},
  author = {Jensen, F. V. and Nielsen, T. D.},
  address = {Berlin}
}

@INCOLLECTION{josephson2002,
  author = {Josephson, J. R.},
  title = {On the Proof Dynamics of Inference to the Best Explanation},
  booktitle = {The Dynamics of Judicial Proof. Computation, Logic, and Common Sense},
  publisher = {Physica-Verlag},
  year = {2002},
  editor = {MacCrimmon, M. and Tillers, P.},
  pages = {287--305},
  address = {Heidelberg}
}

@BOOK{josephsonJosephson1996,
  title = {Abductive Inference: Computation, Philosophy, Technology},
  publisher = {Cambridge University Press},
  year = {1996},
  author = {Josephson, J. R. and Josephson, S. G.},
  address = {Cambridge}
}

@BOOK{kadaneSchum1996,
  title = {A Probabilistic Analysis of the Sacco and Vanzetti Evidence},
  publisher = {Wiley},
  year = {1996},
  author = {Kadane, J. B. and Schum, D. A.},
  address = {Chichester}
}

@BOOK{kahneman2011,
  title = {Thinking, Fast and Slow},
  publisher = {Penguin},
  year = {2011},
  author = {Kahneman, D.},
  address = {London}
}

@ARTICLE{keppens2012,
  author = {Keppens, J.},
  title = {Argument Diagram Extraction from Evidential {B}ayesian Networks},
  journal = {Artificial Intelligence and Law},
  year = {2012},
  volume = {20},
  pages = {109--143}
}

@ARTICLE{keppensSchafer2006,
  author = {Keppens, J. and Schafer, B.},
  title = {Knowledge Based Crime Scenario Modelling},
  journal = {Expert Systems with Applications},
  year = {2006},
  volume = {30},
  pages = {203--222},
  number = {2},
  publisher = {Elsevier}
}

@BOOK{kirschnerEtal2003,
  title = {Visualizing Argumentation: Software Tools for Collaborative and Educational
	Sense-Making},
  publisher = {Springer},
  year = {2003},
  author = {Kirschner, P. A. and Shum, S. J. B. and Carr, C. S.},
  address = {Berlin}
}

@MASTERSTHESIS{koiter2006,
  author = {Koiter, J. R.},
  title = {Visualizing Inference in {B}ayesian {N}etworks},
  school = {Delft University of Technology},
  year = {2006},
  file = {:Koiter2006.pdf:PDF},
  owner = {sjoerd},
  timestamp = {2012.07.23}
}

@INCOLLECTION{vanKoppen2013,
  author = {van Koppen, P. J.},
  title = {Spoiled Judges and the Fluidity of Evidence in Criminal Cases},
  booktitle = {Fourteenth International Conference on Artificial Intelligence and
	Law. Proceedings of the Conference},
  publisher = {ACM Press},
  year = {2013},
  pages = {xxii--xxiv},
  address = {New York (New York)}
}

@BOOK{vanKoppen2012,
  title = {Overtuigend Bewijs: Indammen van Rechterlijke Dwalingen. (Convincing
	Evidence: Damming Judicial Errors)},
  publisher = {Nieuw Amsterdam},
  year = {2012},
  author = {van Koppen, P. J.},
  address = {Amsterdam}
}

@ARTICLE{klm1990,
  author = {Kraus, S. and Lehmann, D. and Magidor, M.},
  title = {Nonmonotonic Reasoning, Preferential Models and Cumulative Logics},
  journal = {Artificial Intelligence},
  year = {1990},
  volume = {44},
  pages = {167--207}
}

@ARTICLE{kyburg1997,
  author = {Kyburg, H.},
  title = {The Rule of Adjunction and Reasonable Inference},
  journal = {Journal of Philosophy},
  year = {1997},
  volume = {94},
  pages = {109--125}
}

@ARTICLE{lacaveDiez2002,
  author = {Lacave, C. and D\'iez, F. J.},
  title = {A Review of Explanation Methods for {B}ayesian {N}etworks},
  journal = {Knowledge Engineering Review},
  year = {2002},
  volume = {17},
  pages = {107--127},
  number = {2},
  file = {:Lacave2002.pdf:PDF},
  owner = {sjoerd},
  timestamp = {2012.07.23}
}

@ARTICLE{lacaveLuqueDiez2007,
  author = {Lacave, C. and Luque, M. and D\'iez, F. J.},
  title = {Explanation of {B}ayesian {N}etworks and Influence Diagrams in Elvira},
  journal = {Systems, Man, and Cybernetics, Part B},
  year = {2007},
  volume = {37},
  pages = {952--965},
  number = {4},
  file = {:Lacave2007.pdf:PDF},
  owner = {sjoerd},
  timestamp = {2012.07.23}
}

@ARTICLE{lagnadoFentonNeil2012,
  author = {Lagnado, D. A. and Fenton, N. E. and Neil, M. D.},
  title = {Legal Idioms: a Framework for Evidential Reasoning},
  journal = {Argument and Computation},
  year = {2012},
  volume = {4},
  pages = {1--18},
  number = {1},
  file = {:Lagnado2012.pdf:PDF},
  owner = {sjoerd},
  timestamp = {2012.10.03}
}

@INPROCEEDINGS{laskeyMahoney1997,
  author = {Laskey, K. B. and Mahoney, S. M.},
  title = {Network Fragments: Representing Knowledge for Constructing Probabilistic
	Models},
  booktitle = {Proceedings of the Thirteenth Conference on Uncertainty in Artificial
	Intelligence},
  year = {1997},
  pages = {334--341},
  organization = {Morgan Kaufmann Publishers Inc.}
}

@ARTICLE{lehmannMagidor1992,
  author = {Lehmann, D. and Magidor, M.},
  title = {What Does a Conditional Knowledge Base Entail?},
  journal = {Artificial Intelligence},
  year = {1992},
  volume = {55},
  pages = {1--60}
}

@ARTICLE{levittLaskey2000,
  author = {Levitt, T. S. and Laskey, K. B.},
  title = {Computational Inference for Evidential Reasoning in Support of Judicial
	Proof},
  journal = {Cardozo Law Review},
  year = {2000},
  volume = {22},
  pages = {1691--1731},
  file = {:Levitt2000.pdf:PDF},
  owner = {sjoerd},
  timestamp = {2012.07.04}
}

@INCOLLECTION{liEtal2011,
  author = {Li, H. and Oren, N. and Norman, T.},
  title = {Probabilistic Argumentation Frameworks},
  booktitle = {Proceedings of the First International Workshop on the Theory and
	Applications of Formal Argumentation (TAFA 2011)},
  publisher = {Springer},
  year = {2011},
  address = {Berlin}
}

@ARTICLE{linKelly2012,
  author = {Lin, H. and Kelly, K. T.},
  title = {Propositional Reasoning that Tracks Probabilistic Reasoning},
  journal = {Journal of Philosophical Logic},
  year = {2012},
  volume = {41},
  pages = {957--981}
}

@INCOLLECTION{loui1991,
  author = {Loui, R. P.},
  title = {Ampliative Inference, Computation, and Dialectic},
  booktitle = {Philosophy and AI. Essays at the Interface},
  publisher = {The MIT Press},
  year = {1991},
  editor = {Cummins, R. and Pollock, J. L.},
  pages = {141--155},
  address = {Cambridge (Massachusetts)}
}

@INCOLLECTION{loui1995,
  author = {Loui, R. P.},
  title = {Hart's Critics on Defeasible Concepts and Ascriptivism},
  booktitle = {Proceedings of the 5th International Conference on Artificial Intelligence
	and Law},
  publisher = {ACM Press},
  year = {1995},
  pages = {21--30},
  address = {New York (New York)}
}

@ARTICLE{louiNorman1995,
  author = {Loui, R. P. and Norman, J.},
  title = {Rationales and Argument Moves},
  journal = {Artificial Intelligence and Law},
  year = {1995},
  volume = {3},
  pages = {159--189}
}

@INCOLLECTION{louiEtal1997,
  author = {Loui, R. P. and Norman, J. and Altepeter, J. and Pinkard, D. and Craven,
	D. and Linsday, J. and Foltz, M.},
  title = {Progress on Room 5: a Testbed for Public Interactive Semi-Formal
	Legal Argumentation},
  booktitle = {Proceedings of the 6th International Conference on Artificial Intelligence
	and Law},
  publisher = {ACM Press},
  year = {1997},
  pages = {207--214}
}

@ARTICLE{lucas1997,
  author = {Lucas, P.},
  title = {Symbolic Diagnosis and its Formalisation},
  journal = {The Knowledge Engineering Review},
  year = {1997},
  volume = {12},
  pages = {109--146},
  number = {02},
  publisher = {Cambridge University Press}
}

@INCOLLECTION{makinson1994,
  author = {Makinson, D.},
  title = {General Patterns in Nonmonotonic Reasoning},
  booktitle = {Handbook of Logic in Artificial Intelligence and Logic Programming.
	Volume 3. Nonmonotonic Reasoning and Uncertain Reasoning},
  publisher = {Clarendon Press},
  year = {1994},
  editor = {Gabbay, D. M. and Hogger, C. J. and Robinson, J. A.},
  pages = {35--110},
  address = {Oxford}
}

@INCOLLECTION{makinson1989,
  author = {Makinson, D.},
  title = {General theory of cumulative inference},
  booktitle = {Proceedings of the 2nd international workshop on Non-monotonic reasoning},
  publisher = {Springer},
  year = {1989},
  editor = {Reinfrank, M.},
  pages = {383--394}
}

@ARTICLE{mercierSperber2011,
  author = {Mercier, H. and Sperber, D.},
  title = {Why do Humans Reason? Arguments for an Argumentative Theory},
  journal = {Behavioural and Brain Sciences},
  year = {2011},
  volume = {34},
  pages = {57--111}
}

@ARTICLE{modgil2009,
  author = {Modgil, S.},
  title = {Reasoning about Preferences in Argumentation Frameworks},
  journal = {Artificial Intelligence},
  year = {2009},
  volume = {173},
  pages = {901--934},
  number = {9}
}

@ARTICLE{modgilPrakken2013,
  author = {Modgil, S. and Prakken, H.},
  title = {A general Account of Argumentation with Preferences},
  journal = {Artificial Intelligence},
  year = {2013},
  volume = {195},
  pages = {361--397},
  owner = {sjoerd},
  timestamp = {2013.06.21}
}

@ARTICLE{moulinEtal2002,
  author = {Moulin, B. and Irandoust, H. and B{\'e}langer, M. and Desbordes,
	G.},
  title = {Explanation and Argumentation Capabilities: Towards the Creation
	of More Persuasive Agents},
  journal = {Artificial Intelligence Review},
  year = {2002},
  volume = {17},
  pages = {169--222},
  number = {3}
}

@BOOK{murphy2012,
  title = {Machine Learning: A Probabilistic Perspective},
  publisher = {The MIT Press},
  year = {2012},
  author = {Murphy, K. P.},
  address = {Cambridge (Massachusetts)}
}

@ARTICLE{oaksfordChater2001,
  author = {Oaksford, M. and Chater, N.},
  title = {The Probabilistic Approach to Human Reasoning},
  journal = {Trends in Cognitive Sciences},
  year = {2001},
  volume = {5},
  pages = {349--357}
}

@ARTICLE{pardoAllen2008,
  author = {Pardo, M. S. and Allen, R. J.},
  title = {Juridical Proof and the Best Explanation},
  journal = {Law and Philosophy},
  year = {2008},
  volume = {27},
  pages = {223--268}
}

@BOOK{pearl2000,
  title = {Causality: Models, Reasoning and Inference. Second Edition},
  publisher = {Cambridge University Press},
  year = {2000/2009},
  author = {Pearl, J.},
  address = {Cambridge}
}

@ARTICLE{pearl1988,
  author = {Pearl, J.},
  title = {Embracing Causality in Default Reasoning},
  journal = {Artificial Intelligence},
  year = {1988},
  volume = {35},
  pages = {259--271},
  owner = {sjoerd},
  timestamp = {2013.11.05}
}

@ARTICLE{penningtonHastie1993,
  author = {Pennington, N. and Hastie, R.},
  title = {Reasoning in explanation-based decision making},
  journal = {Cognition},
  year = {1993},
  volume = {49},
  pages = {123--163},
  number = {1--2}
}

@INBOOK{penningtonHastie1993StoryModel,
  chapter = {The Story Model for Juror Decision Making},
  pages = {192--221},
  title = {Inside the Juror},
  publisher = {Cambridge University Press},
  year = {1993},
  author = {Pennington, N. and Hastie, R.},
  address = {Cambridge}
}

@BOOK{perelmanOlbrechts1958,
  title = {The New Rhetoric: A Treatise on Argumentation [English translation
	of La nouvelle rh{\'e}torique: Trait{\'e} de l'argumentation]},
  publisher = {University of Notre Dame Press},
  year = {1958/1969},
  author = {Perelman, Ch. and Olbrechts-Tyteca, L.},
  address = {Notre Dame (Indiana)}
}

@INCOLLECTION{pollock2008,
  author = {Pollock, J. L.},
  title = {Defeasible Reasoning},
  booktitle = {Reasoning: Studies of Human Inference and its Foundations},
  publisher = {Cambridge University Press},
  year = {2008},
  editor = {Adler, J. E. and Rips, L. J.},
  pages = {451--470},
  address = {Cambridge}
}

@ARTICLE{pollock2010,
  author = {Pollock, J. L.},
  title = {Defeasible Reasoning and Degrees of Justification},
  journal = {Argument and Computation},
  year = {2010},
  volume = {1},
  pages = {7--22},
  number = {1}
}

@BOOK{pollock1995,
  title = {Cognitive Carpentry: A Blueprint for How to Build a Person},
  publisher = {The MIT Press},
  year = {1995},
  author = {Pollock, J. L.},
  address = {Cambridge (Massachusetts)}
}

@ARTICLE{pollock1987,
  author = {Pollock, J. L.},
  title = {Defeasible Reasoning},
  journal = {Cognitive Science},
  year = {1987},
  volume = {11},
  pages = {481--518},
  number = {4}
}

@ARTICLE{pollock1967,
  author = {Pollock, J. L.},
  title = {Criteria and our Knowledge of the Material World},
  journal = {The Philosophical Review},
  year = {1967},
  volume = {76},
  pages = {28--60}
}

@ARTICLE{prakken2010,
  author = {Prakken, H.},
  title = {An Abstract Framework for Argumentation with Structured Arguments},
  journal = {Argument and Computation},
  year = {2010},
  volume = {1},
  pages = {93--124},
  number = {2}
}

@INCOLLECTION{prakkenRenooij2001,
  author = {Prakken, H. and Renooij, S.},
  title = {Reconstructing Causal Reasoning About Evidence: a Case Study},
  booktitle = {Legal Knowledge and Information Systems. {JURIX} 2001: The Fourteenth
	Annual Conference},
  publisher = {IOS Press},
  year = {2001},
  editor = {Verheij, B. and Lodder, A. R. and Loui, R. P. and Muntjewerff, A. J.},
  pages = {131--142},
  address = {Amsterdam}
}

@ARTICLE{prakkenSartor1996,
  author = {Prakken, H. and Sartor, G.},
  title = {A Dialectical Model of Assessing Conflicting Arguments in Legal Reasoning},
  journal = {Artificial Intelligence and Law},
  year = {1996},
  volume = {4},
  pages = {331--368}
}

@ARTICLE{prakkenSartor1998,
  author = {Prakken, H. and Sartor, G.},
  title = {Modelling Reasoning with Precedents in a Formal Dialogue Game},
  journal = {Artificial Intelligence and Law},
  year = {1998},
  volume = {6},
  pages = {231--287}
}

@INCOLLECTION{prakkenSartor2007,
  author = {Prakken, H. and Sartor, G.},
  title = {Formalising Arguments About the Burden of Persuasion},
  booktitle = {Proceedings of the 11th international conference on Artificial intelligence
	and law},
  publisher = {ACM Press},
  year = {2007},
  pages = {97--106},
  address = {New York (New York)}
}

@ARTICLE{prakkenSartor1997,
  author = {Prakken, H. and Sartor, G.},
  title = {Argument-Based Extended Logic Programming with Defeasible Priorities},
  journal = {Journal of Applied Non-Classical Logics},
  year = {1997},
  volume = {7},
  pages = {25--75},
  number = {1-2},
  publisher = {Taylor \& Francis}
}

@INCOLLECTION{prakkenVreeswijk2002,
  author = {Prakken, H. and Vreeswijk, G. A. W.},
  title = {Logics for Defeasible Argumentation},
  booktitle = {Handbook of Philosophical Logic, Second Edition},
  publisher = {Kluwer Academic Publishers},
  year = {2002},
  editor = {Gabbay, D. M. and Guenthner, F.},
  volume = {4},
  pages = {218--319},
  address = {Dordrecht}
}

@ARTICLE{reddyEtal2014,
  author = {Reddy, V. and Farr, A. C. and Wu, P. and Mengersen, K.
	and Yarlagadda, P. K. D. V.},
  title = {An Intuitive Dashboard for {B}ayesian {N}etwork Inference},
  journal = {Journal of Physics},
  year = {2014},
  volume = {490},
  number = {012023},
  owner = {sjoerd},
  timestamp = {2014.08.28}
}

@ARTICLE{reedRowe2004,
  author = {Reed, C. and Rowe, G.},
  title = {Araucaria: Software for Argument Analysis, Diagramming and Representation},
  journal = {International Journal of AI Tools},
  year = {2004},
  volume = {14},
  pages = {961--980},
  number = {3--4}
}

@ARTICLE{renooij2001,
  author = {Renooij, S.},
  title = {Probability Elicitation for Belief Networks: Issues to Consider},
  journal = {The Knowledge Engineering Review},
  year = {2001},
  volume = {16},
  pages = {255--269},
  number = {3}
}

@BOOK{rescher1977,
  title = {Dialectics: A Controversy-Oriented Approach to the Theory of Knowledge},
  publisher = {State University of New York Press},
  year = {1977},
  author = {Rescher, N.},
  address = {Albany (New York)}
}

@INCOLLECTION{riveretEtal2007,
  author = {Riveret, R. and Rotolo, A. and Sartor, G. and Prakken, H. and Roth,
	B.},
  title = {Success Chances in Argument Games: a Probabilistic Approach to Legal
	Disputes},
  booktitle = {Legal Knowledge and Information Systems: {JURIX} 2007: The Twentieth
	Annual Conference},
  publisher = {IOS Press},
  year = {2007},
  editor = {Lodder, A. R. and Mommers, L.},
  pages = {99--108},
  address = {Amsterdam}
}

@BOOK{roberts1985,
  title = {Measurement Theory with Applications to Decisionmaking, Utility,
	and the Social Sciences},
  publisher = {Cambridge University Press},
  year = {1985},
  author = {Roberts, F. S.},
  address = {Cambridge}
}

@BOOK{roth2003,
  title = {Case-Based Reasoning in the Law. A Formal Theory of Reasoning by
	Case Comparison. Dissertation},
  publisher = {Universiteit Maastricht},
  year = {2003},
  author = {Roth, B.},
  address = {Maastricht}
}

@BOOK{russellNorvig2010,
  title = {Artificial Intelligence: A Modern Approach. Third Edition},
  publisher = {Pearson},
  year = {2010},
  author = {Russell, S. and Norvig, P.},
  address = {Boston (Massachusetts)}
}

@BOOK{schankAbelson1977,
  title = {Scripts, Plans, Goals and Understanding, An Inquiry into Human Knowledge
	Structures},
  publisher = {Lawrence Erlbaum},
  year = {1977},
  author = {Schank, R. and Abelson, R.},
  address = {Hillsdale}
}

@ARTICLE{scheuerEtal2010,
  author = {Scheuer, O. and Loll, F. and Pinkwart, N. and McLaren, B. M.},
  title = {Computer-Supported Argumentation: A Review of the State of the Art},
  journal = {International Journal of Computer-Supported Collaborative Learning},
  year = {2010},
  volume = {5},
  pages = {43--102},
  number = {1}
}

@BOOK{schnepsColmez2013,
  title = {Math on Trial: How Numbers Get Used and Abused in the Courtroom},
  publisher = {Basic Books},
  year = {2013},
  author = {Schneps, L. and Colmez, C.},
  address = {New York (New York)}
}

@ARTICLE{shenEtal2006,
  author = {Shen, Q. and Keppens, J. and Aitken, C. and Schafer, B. and Lee,
	M.},
  title = {A Scenario-Driven Decision Support System for Serious Crime Investigation},
  journal = {Law, Probability and Risk},
  year = {2006},
  volume = {5},
  pages = {87--117}
}

@BOOK{shoham1988,
  title = {Reasoning About Change. Time and Causation from the Standpoint of
	Artificial Intelligence},
  publisher = {The MIT Press},
  year = {1988},
  author = {Shoham, Y.},
  address = {Cambridge (Massachusetts)}
}

@INCOLLECTION{silenoEtal2012,
  author = {Sileno, G. and Boer, A. and van Engers, T.},
  title = {Analysis of Legal Narratives: a Conceptual Framework},
  booktitle = {Legal Knowledge and Information Systems: {JURIX} 2012: the Twnety-Fifth
	Annual Conference},
  publisher = {IOS Press},
  year = {2012},
  editor = {Schafer, B.},
  pages = {143--146},
  address = {Amsterdam}
}

@ARTICLE{spohn2002,
  author = {Spohn, W.},
  title = {A Brief Comparison of Pollock's Defeasible Reasoning and Ranking
	Functions},
  journal = {Synthese},
  year = {2002},
  volume = {131},
  pages = {39--56},
  number = {1}
}

@BOOK{stefik1995,
  title = {Introduction to Knowledge Systems},
  publisher = {Morgan Kaufmann},
  year = {1995},
  author = {Stefik, M.},
  address = {San Francisco (California)}
}

@BOOK{stenningVanLambalgen2008,
  title = {Human Reasoning and Cognitive Science},
  publisher = {The MIT Press},
  year = {2008},
  author = {Stenning, K. and van Lambalgen, M.},
  address = {Cambridge (Massachusetts)}
}

@BOOK{taroniEtal2006,
  title = {Bayesian {N}etworks and Probabilistic Inference in Forensic Science},
  publisher = {Wiley},
  year = {2006},
  author = {Taroni, F. and Aitken, C. and Garbolino, P. and Biedermann, A.},
  address = {Chichester}
}

@ARTICLE{taroniEtal1998,
  author = {Taroni, F. and Champod, C. and Margot, P.},
  title = {Forerunners of {B}ayesianism in Early Forensic Science},
  journal = {Jurimetrics},
  year = {1998},
  volume = {38},
  pages = {183--200},
  owner = {p230681},
  timestamp = {2014.10.27}
}

@ARTICLE{tenenbaumEtal2011,
  author = {Tenenbaum, J. B. and Kemp, C. and Griffiths, T. L. and Goodman, N. D.},
  title = {How to Grow a Mind: Statistics, Structure, and Abstraction},
  journal = {Science},
  year = {2011},
  volume = {331},
  pages = {1279--1285}
}

@ARTICLE{thagard2004,
  author = {Thagard, P.},
  title = {Causal Inference in Legal Decision Making: Explanatory Coherence
	vs. {B}ayesian
	
	{N}etworks},
  journal = {Applied Artificial Intelligence},
  year = {2004},
  volume = {18},
  pages = {231--249}
}

@BOOK{thagard2001,
  title = {Coherence in Thought and Action},
  publisher = {The MIT Press},
  year = {2001},
  author = {Thagard, P.},
  address = {Cambridge (Massachusetts)}
}

@BOOK{thagard1992,
  title = {Conceptual Revolutions},
  publisher = {Princeton University Press},
  year = {1992},
  author = {Thagard, P.},
  address = {Princeton (New Jersey)}
}

@INCOLLECTION{thimm2012,
  author = {Thimm, M.},
  title = {A Probabilistic Semantics for Abstract Argumentation},
  booktitle = {Proceedings of the European Conference on Artificial Intelligence
	(ECAI 2012)},
  publisher = {IOS Press},
  year = {2012},
  pages = {750--755},
  address = {Amsterdam}
}

@INCOLLECTION{thompson2013,
  author = {Thompson, P.},
  title = {Forensic {DNA} Evidence. {T}he Myth of Infallibility},
  booktitle = {Genetic Explanations: Sense and Nonsense},
  publisher = {Harvard University Press},
  year = {2013},
  pages = {227--255}
}

@ARTICLE{thompsonSchumann1987,
  author = {Thompson, W. C. and Schumann, E. L.},
  title = {Interpretation of Statistical Evidence in Criminal Trials: The Prosecutor's
	Fallacy and the Defense Attorney's Fallacy},
  journal = {Law and Human Behavior},
  year = {1987},
  volume = {11},
  pages = {167--187}
}

@INCOLLECTION{tillers2005,
  author = {Tillers, P.},
  title = {Picturing Factual Inference in Legal Settings},
  booktitle = {Gerechtigkeitswissenschaft: Kolloquium aus Anlass des 70. Geburtstages
	von Lothar Philipps},
  publisher = {Berliner Wissenschafts-Verlag},
  year = {2005},
  editor = {Schuenemann, B. and Tinnefeld, M. Th. and Wittmann, R.},
  address = {Berlin}
}

@ARTICLE{tillers2011,
  author = {Tillers, P.},
  title = {Trial by Mathematics---Reconsidered},
  journal = {Law, Probability and Risk},
  year = {2011},
  volume = {10},
  pages = {167--173}
}

@INCOLLECTION{timmerEtal2013,
  author = {Timmer, S. T. and Meyer, J. J. and Prakken, H. and Renooij, S. and Verheij,
	B.},
  title = {Inference and Attack in {B}ayesian {N}etworks},
  booktitle = {25th Benelux Conference on Artificial Intelligence (BNAIC 2013)},
  publisher = {Delft University},
  year = {2013},
  editor = {Hindriks, K. and de Weerdt, M. and van Riemsdijk, B. and Warnier,
	M.},
  pages = {199--206}
}

@INCOLLECTION{timmerEtal2014,
  author = {Timmer, S. T. and Meyer, J. J. and Prakken, H. and Renooij, S. and Verheij, B.},
  title = {Extracting Legal Arguments from Forensic {B}ayesian {N}etworks},
  booktitle = {Legal Knowledge and Information Systems: {JURIX} 2014: The Twenty-Seventh Annual Conference},
  publisher = {IOS Press},
  year = {2014},
  editor = {Hoekstra, R.},
  pages = {71--80},
  address = {Amsterdam}
}

@BOOK{toulmin2003,
  title = {Return to Reason},
  publisher = {Harvard University Press},
  year = {2003},
  author = {Toulmin, S. E.}
}

@BOOK{toulmin1958,
  title = {The Uses of Argument},
  publisher = {Cambridge University Press},
  year = {1958},
  author = {Toulmin, S. E.},
  address = {Cambridge}
}

@ARTICLE{tribe1971,
  author = {Tribe, L.},
  title = {Trial by Mathematics: Precision and Ritual in the Legal Process},
  journal = {Harvard Law Review},
  year = {1971},
  volume = {84},
  pages = {1329--1393}
}

@ARTICLE{tverskyKahneman1974,
  author = {Tversky, A. and Kahneman, D.},
  title = {Judgment Under Uncertainty: Heuristics and Biases},
  journal = {Science},
  year = {1974},
  volume = {185},
  pages = {1124--1131}
}

@INCOLLECTION{vanGelder2003,
  author = {van Gelder, T.},
  title = {Enhancing Deliberation Through Computer Supported Argument Visualization},
  booktitle = {Visualizing Argumentation: Software Tools for Collaborative and Educational
	Sense-Making},
  publisher = {Springer},
  year = {2003},
  editor = {Kirschner, P. A. and Shum, S. J. B. and Carr, C. S.},
  pages = {97--115},
  location = {New York}
}

@ARTICLE{vanGelder2005,
  author = {van Gelder, T.},
  title = {Teaching Critical Thinking: Some Lessons from Cognitive Science},
  journal = {College Teaching},
  year = {2005},
  volume = {53},
  pages = {41--48},
  number = {1}
}

@ARTICLE{veltman1996,
  author = {Veltman, F.},
  title = {Defaults in Update Semantics},
  journal = {Journal of Philosophical Logic},
  year = {1996},
  volume = {25},
  pages = {221--261},
  number = {3}
}

@INCOLLECTION{verheij2000,
  author = {Verheij, B.},
  title = {Dialectical Argumentation as a Heuristic for Courtroom Decision Making},
  booktitle = {Rationality, Information and Progress in Law and Psychology. Liber
	Amicorum Hans F. Crombag},
  publisher = {Metajuridica Publications},
  year = {2000},
  editor = {van Koppen, P. J. and Roos, N.},
  pages = {203--226},
  owner = {p230681},
  timestamp = {2014.10.27}
}

@INCOLLECTION{verheij2010,
  author = {Verheij, B.},
  title = {Argumentation and Rules with Exceptions},
  booktitle = {Computational Models of Argument: Proceedings of COMMA 2010, Desenzano
	del Garda, Italy, September 8-10, 2010},
  publisher = {IOS Press},
  year = {2010},
  editor = {Baroni, B. and Cerutti, F. and Giacomin, M. and Simari, G. R.},
  pages = {455--462},
  address = {Amsterdam}
}

@INCOLLECTION{verheij2012,
  author = {Verheij, B.},
  title = {Jumping to Conclusions. A Logico-Probabilistic Foundation for Defeasible
	Rule-Based Arguments},
  booktitle = {13th European Conference on Logics in Artificial Intelligence, {JELIA}
	2012. Toulouse, France, September 2012. Proceedings (LNAI 7519)},
  publisher = {Springer},
  year = {2012},
  editor = {Fari\~{n}as del Cerro, L. and Herzig, A. and Mengin, J.},
  pages = {411--423},
  address = {Berlin}
}

@INCOLLECTION{verheij1996two,
  author = {Verheij, B.},
  title = {Two Approaches to Dialectical Argumentation: Admissible Sets and
	Argumentation Stages},
  booktitle = {Proceedings of NAIC'96},
  publisher = {Universiteit Utrecht},
  year = {1996},
  editor = {Meyer, J. J. and van der Gaag, L. C.},
  pages = {357--368},
  address = {Utrecht}
}

@INCOLLECTION{verheij2014comma,
  author = {Verheij, B.},
  title = {Arguments and Their Strength: Revisiting {P}ollock's Anti-Probabilistic
	Starting Points},
  booktitle = {Computational Models of Argument. Proceedings of COMMA 2014},
  publisher = {IOS Press},
  year = {2014},
  editor = {Parsons, S. and Oren, N. and Reed, C. and Cerutti, F.},
  pages = {433--444},
  address = {Amsterdam}
}

@INCOLLECTION{verheij2009,
  author = {Verheij, B.},
  title = {The {T}oulmin Argument Model in Artificial Intelligence. Or: How
	Semi-Formal, Defeasible Argumentation Schemes Creep into Logic},
  booktitle = {Argumentation in Artificial Intelligence},
  publisher = {Springer},
  year = {2009},
  editor = {Rahwan, I. and Simari, G. R.},
  pages = {219--238},
  address = {Berlin}
}

@ARTICLE{verheij2014,
  author = {Verheij, B.},
  title = {To Catch a Thief With and Without Numbers: Arguments, Scenarios and
	Probabilities in Evidential Reasoning},
  journal = {Law, Probability and Risk},
  year = {2014},
  volume = {13},
  pages = {307--325}
}

@ARTICLE{verheij2007,
  author = {Verheij, B.},
  title = {Argumentation Support Software: Boxes-and-Arrows and Beyond},
  journal = {Law, Probability and Risk},
  year = {2007},
  volume = {6},
  pages = {187--208}
}

@BOOK{verheij2005,
  title = {Virtual Arguments. On the Design of Argument Assistants for Lawyers
	and Other Arguers},
  publisher = {T.M.C. Asser Press},
  year = {2005},
  author = {Verheij, B.},
  address = {The Hague}
}

@ARTICLE{verheij2003aaa,
  author = {Verheij, B.},
  title = {Artificial Argument Assistants for Defeasible Argumentation},
  journal = {Artificial Intelligence},
  year = {2003},
  volume = {150},
  pages = {291--324},
  number = {1--2}
}

@ARTICLE{verheij2003deflog,
  author = {Verheij, B.},
  title = {Def{L}og: on the Logical Interpretation of Prima Facie Justified
	Assumptions},
  journal = {Journal of Logic and Computation},
  year = {2003},
  volume = {13},
  pages = {319--346},
  number = {3}
}

@BOOK{verheij1996diss,
  title = {Rules, Reasons, Arguments. Formal studies of argumentation and defeat.},
  publisher = {Dissertation Universiteit Maastricht},
  year = {1996},
  author = {Verheij, B.},
  address = {Maastricht}
}

@INCOLLECTION{vlekEtal2013jurix,
  author = {Vlek, C. S. and Prakken, H. and Renooij, S. and Verheij, B.},
  title = {Unfolding Crime Scenarios with Variations: A Method for Building
	{B}ayesian Networks for Legal Narratives},
  booktitle = {Legal Knowledge and Information Systems: {JURIX} 2013: The Twenty-Sixth
	Annual Conference},
  publisher = {IOS Press},
  year = {2013},
  editor = {Ashley, K. D.},
  pages = {145--154},
  address = {Amsterdam}
}

@INPROCEEDINGS{vlekEtal2013CMN,
  author = {Vlek, C. S. and Prakken, H. and Renooij, S. and Verheij, B.},
  title = {Representing and Evaluating Legal Narratives with Subscenarios in
	a {B}ayesian Network},
  booktitle = {2013 Workshop on Computational Models of Narrative},
  year = {2013},
  editor = {Finlayson, M. A. and Fisseni, B. and L\"owe, B. and Meister, J. C.},
  pages = {315--332},
  address = {Saarbr\"ucken/{W}adern, {G}ermany},
  publisher = {Schloss Dagstuhl},
  doi = {10.4230/OASIcs.CMN.2013.i}
}

@INCOLLECTION{vlekEtal2014jurix,
  author = {Vlek, C. S. and Prakken, H. and Renooij, S. and Verheij, B.},
  title = {Extracting Scenarios from a {B}ayesian {N}etwork as Explanations
	for Legal Evidence},
  booktitle = {Legal Knowledge and Information Systems: {JURIX} 2014: The Twenty-Seventh
	Annual Conference},
  publisher = {IOS Press},
  year = {2014},
  editor = {Hoekstra, R.},
  pages = {150--159},
  address = {Amsterdam}
}

@ARTICLE{vlekEtal2014,
  author = {Vlek, C. S. and Prakken, H. and Renooij, S. and Verheij, B.},
  title = {Building {B}ayesian {N}etworks for Legal Evidence with Narratives:
	a Case Study Evaluation},
  journal = {Artifical Intelligence and Law},
  year = {2014},
  volume = {22},
  pages = {375--421},
  number = {4}
}

@INCOLLECTION{vlekEtal2013,
  author = {Vlek, C. S. and Prakken, H. and Renooij, S. and Verheij, B.},
  title = {Modeling Crime Scenarios in a {B}ayesian {N}etwork},
  booktitle = {The 14th International Conference on Artificial Intelligence and
	Law (ICAIL 2013). Proceedings of the Conference},
  publisher = {ACM Press},
  year = {2013},
  pages = {150--159},
  address = {New York (New York)}
}

@ARTICLE{vreeswijk1997,
  author = {Vreeswijk, G. A. W.},
  title = {Abstract Argumentation Systems},
  journal = {Artificial Intelligence},
  year = {1997},
  volume = {90},
  pages = {225--279}
}

@INCOLLECTION{vreeswijk2005,
  author = {Vreeswijk, G. A. W.},
  title = {Argumentation in {B}ayesian Belief Networks},
  booktitle = {Argumentation in Multi-Agent Systems},
  publisher = {Springer},
  year = {2005},
  editor = {Rahwan, I. and Mora\"itis, P. and Reed, C.},
  volume = {3366},
  series = {Lecture Notes in Computer Science},
  pages = {111--129},
  address = {Berlin}
}

@BOOK{wagenaarEtal1993,
  title = {Anchored Narratives. The Psychology of Criminal Evidence},
  publisher = {Harvester Wheatsheaf},
  year = {1993},
  author = {Wagenaar, W. A. and van Koppen, P. J. and Crombag, H. F. M.},
  address = {London}
}

@BOOK{waltonKrabbe1995,
  title = {Commitment in Dialogue. Basic Concepts of Interpersonal Reasoning},
  publisher = {State University of New York Press},
  year = {1995},
  author = {Walton, D. N. and Krabbe, E.},
  address = {Albany (New York)}
}

@BOOK{waltonReedMacagno2008,
  title = {Argumentation Schemes},
  publisher = {Cambridge University Press},
  year = {2008},
  author = {Walton, D. N. and Reed, C. and Macagno, F.},
  address = {Cambridge}
}

@BOOK{wigmore1931,
  title = {The Principles of Judicial Proof or the Process of Proof as Given
	by Logic, Psychology, and General Experience, and Illustrated in
	Judicial Trials, 2nd ed},
  publisher = {Little, Brown and Company},
  year = {1931},
  author = {Wigmore, J. H.},
  address = {Boston (Massachusetts)},
  owner = {p230681},
  timestamp = {2014.10.27}
}

@BOOK{wigmore1913,
  title = {The Principles of Judicial Proof or the Process of Proof as Given
	by Logic, Psychology, and General Experience, and Illustrated in
	Judicial Trials. (Second edition 1931.)},
  publisher = {Little, Brown and Company},
  year = {1913},
  author = {Wigmore, J. H.},
  address = {Boston (Massachusetts)}
}

@BOOK{chaterOaksford2008,
  title = {The Probabilistic Mind. Prospects for {B}ayesian Cognitive Science},
  publisher = {Oxford University Press},
  year = {2008},
  editor = {Chater, N. and Oaksford, M.},
  address = {Oxford}
}

@BOOK{dawidEtal2011,
  title = {Evidence, Inference and Enquiry},
  publisher = {Oxford University Press},
  year = {2011},
  editor = {Dawid, A. P. and Twining, W. and Vasiliki, M.},
  address = {Oxford}
}

@BOOK{doyaEtal2007,
  title = {Bayesian Brain: Probabilistic Approaches to Neural Coding},
  publisher = {The MIT Press},
  year = {2007},
  editor = {Doya, K. and Ishii, S. and Pouget, A. and Rao, N.},
  address = {Cambridge (Massachusetts)}
}

@BOOK{gabbayEtal1994,
  title = {Handbook of Logic in Artificial Intelligence and Logic Programming.
	Volume 3. Nonmonotonic Reasoning and Uncertain Reasoning},
  publisher = {Clarendon Press},
  year = {1994},
  editor = {Gabbay, D. M. and Hogger, C. J. and Robinson, J. A.},
  address = {Oxford}
}

@BOOK{vanHarmelenEtal2008,
  title = {Handbook of Knowledge Representation},
  publisher = {Elsevier},
  year = {2008},
  editor = {van Harmelen, F. and Lifschitz, V. and Porter, B.},
  address = {Amsterdam}
}

@BOOK{kapteinEtal2009,
  title = {Legal Evidence and Proof: Statistics, Stories, Logic (Applied Legal
	Philosophy Series)},
  publisher = {Ashgate},
  year = {2009},
  editor = {Kaptein, H. and Prakken, H. and Verheij, B.},
  address = {Farnham}
}

@BOOK{rahwanSimari2009,
  title = {Argumentation in Artificial Intelligence},
  publisher = {Springer},
  year = {2009},
  editor = {Rahwan, I. and Simari, G. R.},
  address = {Dordrecht}
}
